@incollection{fahrmeir2022regression,
	title={Regression models},
	author={Fahrmeir, Ludwig and Kneib, Thomas and Lang, Stefan and Marx, Brian D},
	booktitle={Regression: Models, methods and applications},
	pages={23--84},
	year={2022},
	publisher={Springer}
}

@article{bates2009package,
	title={Package ‘lme4’},
	author={Bates, Douglas and Maechler, Martin and Bolker, Ben and Walker, Steven and Christensen, Rune Haubo Bojesen and Singmann, Henrik and Dai, Bin and Scheipl, Fabian and Grothendieck, Gabor},
	journal={URL http://lme4. r-forge. r-project. org},
	year={2009}
}

  @Book{venables2022MASS,
    title = {Modern Applied Statistics with S},
    author = {W. N. Venables and B. D. Ripley},
    publisher = {Springer},
    edition = {Fourth},
    address = {New York},
    year = {2002},
    note = {ISBN 0-387-95457-0},
    url = {https://www.stats.ox.ac.uk/pub/MASS4/},
  }



@article{mackenzie2002estimating,
	title={Estimating site occupancy rates when detection probabilities are less than one},
	author={MacKenzie, Darryl I and Nichols, James D and Lachman, Gideon B and Droege, Sam and Andrew Royle, J and Langtimm, Catherine A},
	journal={Ecology},
	volume={83},
	number={8},
	pages={2248--2255},
	year={2002},
	publisher={Wiley Online Library}
}

@article{baselga2010partitioning,
	title={Partitioning the turnover and nestedness components of beta diversity},
	author={Baselga, Andr{\'e}s},
	journal={Global ecology and biogeography},
	volume={19},
	number={1},
	pages={134--143},
	year={2010},
	publisher={Wiley Online Library}
}

@article{de2017programming,
	title={Programming with models: writing statistical algorithms for general model structures with NIMBLE},
	author={de Valpine, Perry and Turek, Daniel and Paciorek, Christopher J and Anderson-Bergman, Clifford and Lang, Duncan Temple and Bodik, Rastislav},
	journal={Journal of Computational and Graphical Statistics},
	volume={26},
	number={2},
	pages={403--413},
	year={2017},
	publisher={Taylor \& Francis}
}

@article{durante2017note,
	title={A note on the multiplicative gamma process},
	author={Durante, Daniele},
	journal={Statistics \& Probability Letters},
	volume={122},
	pages={198--204},
	year={2017},
	publisher={Elsevier}
}

@article{bhattacharya2011sparse,
	title={Sparse Bayesian infinite factor models},
	author={Bhattacharya, Anirban and Dunson, David B},
	journal={Biometrika},
	pages={291--306},
	year={2011}
}

@article{gatti2020estimating,
	title={Estimating and comparing biodiversity with a single universal metric},
	author={Gatti, Roberto Cazzolla and Amoroso, Nicola and Monaco, Alfonso},
	journal={Ecological Modelling},
	volume={424},
	pages={109020},
	year={2020},
	publisher={Elsevier}
}

@article{hill1973diversity,
	title={Diversity and evenness: a unifying notation and its consequences},
	author={Hill, Mark O},
	journal={Ecology},
	volume={54},
	number={2},
	pages={427--432},
	year={1973},
	publisher={Wiley Online Library}
}

@article{brooks1998general,
	title={General methods for monitoring convergence of iterative simulations},
	author={Brooks, Stephen P and Gelman, Andrew},
	journal={Journal of computational and graphical statistics},
	volume={7},
	number={4},
	pages={434--455},
	year={1998},
	publisher={Taylor \& Francis}
}

@book{redko2019advances,
	title={Advances in domain adaptation theory},
	author={Redko, Ievgen and Morvant, Emilie and Habrard, Amaury and Sebban, Marc and Bennani, Youn{\`e}s},
	year={2019},
	publisher={Elsevier}
}

@article{team2013package,
	title={Package “Stats.”},
	author={Team, R Core and Team, Maintainer R Core and Suggests, MASS and Matrix, S},
	journal={RA Lang. Environment Stat. Comput. Vienna, Austria: R Foundation for Statistical Computing},
	year={2013}
}

@article{ahmad2021integrated,
	title={Integrated species distribution models: A comparison of approaches under different data quality scenarios},
	author={Ahmad Suhaimi, Siti Sarah and Blair, Gordon S and Jarvis, Susan G},
	journal={Diversity and Distributions},
	volume={27},
	number={6},
	pages={1066--1075},
	year={2021},
	publisher={Wiley Online Library}
}

@article{simmonds2020more,
	title={Is more data always better? A simulation study of benefits and limitations of integrated distribution models},
	author={Simmonds, Emily G and Jarvis, Susan G and Henrys, Peter A and Isaac, Nick JB and O'Hara, Robert B},
	journal={Ecography},
	volume={43},
	number={10},
	pages={1413--1422},
	year={2020},
	publisher={Wiley Online Library}
}

@article{koshkina2017integrated,
	title={Integrated species distribution models: combining presence-background data and site-occupancy data with imperfect detection},
	author={Koshkina, Vira and Wang, Yan and Gordon, Ascelin and Dorazio, Robert M and White, Matt and Stone, Lewi},
	journal={Methods in Ecology and Evolution},
	volume={8},
	number={4},
	pages={420--430},
	year={2017},
	publisher={Wiley Online Library}
}

@article{miller2019recent,
	title={The recent past and promising future for data integration methods to estimate species’ distributions},
	author={Miller, David AW and Pacifici, Krishna and Sanderlin, Jamie S and Reich, Brian J},
	journal={Methods in Ecology and Evolution},
	volume={10},
	number={1},
	pages={22--37},
	year={2019},
	publisher={Wiley Online Library}
}

@article{fletcher2019practical,
	title={A practical guide for combining data to model species distributions},
	author={Fletcher Jr, Robert J and Hefley, Trevor J and Robertson, Ellen P and Zuckerberg, Benjamin and McCleery, Robert A and Dorazio, Robert M},
	journal={Ecology},
	volume={100},
	number={6},
	pages={e02710},
	year={2019},
	publisher={Wiley Online Library}
}

@article{isaac2020data,
	title={Data integration for large-scale models of species distributions},
	author={Isaac, Nick JB and Jarzyna, Marta A and Keil, Petr and Dambly, Lea I and Boersch-Supan, Philipp H and Browning, Ella and Freeman, Stephen N and Golding, Nick and Guillera-Arroita, Gurutzeta and Henrys, Peter A and others},
	journal={Trends in ecology \& evolution},
	volume={35},
	number={1},
	pages={56--67},
	year={2020},
	publisher={Elsevier}
}

@article{besbeas2002integrating,
	title={Integrating mark--recapture--recovery and census data to estimate animal abundance and demographic parameters},
	author={Besbeas, Panagiotis and Freeman, Stephen N and Morgan, Byron JT and Catchpole, Edward A},
	journal={Biometrics},
	volume={58},
	number={3},
	pages={540--547},
	year={2002},
	publisher={Wiley Online Library}
}

@article{abadi2010assessment,
	title={An assessment of integrated population models: bias, accuracy, and violation of the assumption of independence},
	author={Abadi, Fitsum and Gimenez, Olivier and Arlettaz, Rapha{\"e}l and Schaub, Michael},
	journal={Ecology},
	volume={91},
	number={1},
	pages={7--14},
	year={2010},
	publisher={Wiley Online Library}
}

@article{schaub2007use,
	title={Use of integrated modeling to enhance estimates of population dynamics obtained from limited data},
	author={Schaub, Michael and Gimenez, Olivier and Sierro, Antoine and Arlettaz, Raphael},
	journal={Conservation Biology},
	volume={21},
	number={4},
	pages={945--955},
	year={2007},
	publisher={Wiley Online Library}
}

@article{breeze2021pollinator,
	title={Pollinator monitoring more than pays for itself},
	author={Breeze, Tom D and Bailey, Alison P and Balcombe, Kelvin G and Brereton, Tom and Comont, Richard and Edwards, Mike and Garratt, Michael P and Harvey, Martin and Hawes, Cathy and Isaac, Nick and others},
	journal={Journal of Applied Ecology},
	volume={58},
	number={1},
	pages={44--57},
	year={2021},
	publisher={Wiley Online Library}
}

@article{potts2020proposal,
	title={Proposal for an EU pollinator monitoring scheme},
	author={Potts, SG and Dauber, J and Hochkirch, A and Oteman, B and Roy, D and Ahrne, K and Biesmeijer, K and Breeze, T and Carvell, C and Ferreira, C and others},
	journal={Publications Office of the European Union: Ispra, Italy},
	year={2020}
}

@article{bird2014statistical,
	title={Statistical solutions for error and bias in global citizen science datasets},
	author={Bird, Tomas J and Bates, Amanda E and Lefcheck, Jonathan S and Hill, Nicole A and Thomson, Russell J and Edgar, Graham J and Stuart-Smith, Rick D and Wotherspoon, Simon and Krkosek, Martin and Stuart-Smith, Jemina F and others},
	journal={Biological Conservation},
	volume={173},
	pages={144--154},
	year={2014},
	publisher={Elsevier}
}

@article{chao2015estimating,
	title={Estimating diversity and entropy profiles via discovery rates of new species},
	author={Chao, Anne and Jost, Lou},
	journal={Methods in Ecology and Evolution},
	volume={6},
	number={8},
	pages={873--882},
	year={2015},
	publisher={Wiley Online Library}
}

@article{o2005species,
	title={Species richness estimators: how many species can dance on the head of a pin?},
	author={O'hara, RB},
	journal={Journal of Animal Ecology},
	pages={375--386},
	year={2005},
	publisher={JSTOR}
}

@article{besbeas2002integrating,
	title={Integrating mark--recapture--recovery and census data to estimate animal abundance and demographic parameters},
	author={Besbeas, Panagiotis and Freeman, Stephen N and Morgan, Byron JT and Catchpole, Edward A},
	journal={Biometrics},
	volume={58},
	number={3},
	pages={540--547},
	year={2002},
	publisher={Wiley Online Library}
}

@article{abadi2010assessment,
	title={An assessment of integrated population models: bias, accuracy, and violation of the assumption of independence},
	author={Abadi, Fitsum and Gimenez, Olivier and Arlettaz, Rapha{\"e}l and Schaub, Michael},
	journal={Ecology},
	volume={91},
	number={1},
	pages={7--14},
	year={2010},
	publisher={Wiley Online Library}
}

@article{pacifici2019resolving,
	title={Resolving misaligned spatial data with integrated species distribution models},
	author={Pacifici, Krishna and Reich, Brian J and Miller, David AW and Pease, Brent S},
	journal={Ecology},
	volume={100},
	number={6},
	pages={e02709},
	year={2019},
	publisher={Wiley Online Library}
}

@article{pacifici2017integrating,
	title={Integrating multiple data sources in species distribution modeling: a framework for data fusion},
	author={Pacifici, Krishna and Reich, Brian J and Miller, David AW and Gardner, Beth and Stauffer, Glenn and Singh, Susheela and McKerrow, Alexa and Collazo, Jaime A},
	journal={Ecology},
	volume={98},
	number={3},
	pages={840--850},
	year={2017},
	publisher={Wiley Online Library}
}

@article{strebel2022spatiotemporal,
	title={Spatiotemporal modelling of abundance from multiple data sources in an integrated spatial distribution model},
	author={Strebel, Nicolas and K{\'e}ry, Marc and Gu{\'e}lat, J{\'e}r{\^o}me and Sattler, Thomas},
	journal={Journal of Biogeography},
	year={2022},
	publisher={Wiley Online Library}
}

@article{ahmad2021integrated,
	title={Integrated species distribution models: A comparison of approaches under different data quality scenarios},
	author={Ahmad Suhaimi, Siti Sarah and Blair, Gordon S and Jarvis, Susan G},
	journal={Diversity and Distributions},
	volume={27},
	number={6},
	pages={1066--1075},
	year={2021},
	publisher={Wiley Online Library}
}

@article{jost2007partitioning,
	title={Partitioning diversity into independent alpha and beta components},
	author={Jost, Lou},
	journal={Ecology},
	volume={88},
	number={10},
	pages={2427--2439},
	year={2007},
	publisher={Wiley Online Library}
}

@article{jost2010partitioning,
	title={Partitioning diversity for conservation analyses},
	author={Jost, Lou and DeVries, Philip and Walla, Thomas and Greeney, Harold and Chao, Anne and Ricotta, Carlo},
	journal={Diversity and Distributions},
	volume={16},
	number={1},
	pages={65--76},
	year={2010},
	publisher={Wiley Online Library}
}

@article{kery2015applied,
	title={Applied Hierarchical Modeling in Ecology: Analysis of Distribution, Abundance and Species Richness in R and BUGS},
	author={K{\'e}ry, Marc and Royle, J Andrew},
	year={2015},
	publisher={Elsevier}
}

@article{roswell2021conceptual,
	title={A conceptual guide to measuring species diversity},
	author={Roswell, Michael and Dushoff, Jonathan and Winfree, Rachael},
	journal={Oikos},
	volume={130},
	number={3},
	pages={321--338},
	year={2021},
	publisher={Wiley Online Library}
}

@article{o2019monitoring,
	title={Monitoring insect pollinators and flower visitation: The effectiveness and feasibility of different survey methods},
	author={O'Connor, Rory S and Kunin, William E and Garratt, Michael PD and Potts, Simon G and Roy, Helen E and Andrews, Christopher and Jones, Catherine M and Peyton, Jodey M and Savage, Joanna and Harvey, Martin C and others},
	journal={Methods in Ecology and Evolution},
	volume={10},
	number={12},
	pages={2129--2140},
	year={2019},
	publisher={Wiley Online Library}
}

@misc{zeleny2020analysis,
	title={Analysis of community ecology data in R. DavidZeleny. net},
	author={Zeleny, D},
	year={2020}
}

@article{tikhonov2020joint,
	title={Joint species distribution modelling with the R-package Hmsc},
	author={Tikhonov, Gleb and Opedal, {\O}ystein H and Abrego, Nerea and Lehikoinen, Aleksi and de Jonge, Melinda MJ and Oksanen, Jari and Ovaskainen, Otso},
	journal={Methods in ecology and evolution},
	volume={11},
	number={3},
	pages={442--447},
	year={2020},
	publisher={Wiley Online Library}
}

@article{doser2022integrated,
	title={Integrated community occupancy models: A framework to assess occurrence and biodiversity dynamics using multiple data sources},
	author={Doser, Jeffrey W and Leuenberger, Wendy and Sillett, T Scott and Hallworth, Michael T and Zipkin, Elise F},
	journal={Methods in Ecology and Evolution},
	volume={13},
	number={4},
	pages={919--932},
	year={2022},
	publisher={Wiley Online Library}
}

misc{fernandez2013using,
	title={Using the ggmcmc Package},
	author={Fern{\'a}ndez-i-Mar{\'\i}n, Xavier},
	year={2013}
}

@article{vehtari2017practical,
	title={Practical Bayesian model evaluation using leave-one-out cross-validation and WAIC},
	author={Vehtari, Aki and Gelman, Andrew and Gabry, Jonah},
	journal={Statistics and computing},
	volume={27},
	number={5},
	pages={1413--1432},
	year={2017},
	publisher={Springer}
}

@article{hooten2015guide,
	title={A guide to Bayesian model selection for ecologists},
	author={Hooten, Mevin B and Hobbs, N Thompson},
	journal={Ecological monographs},
	volume={85},
	number={1},
	pages={3--28},
	year={2015},
	publisher={Wiley Online Library}
}

@article{gelman2014understanding,
	title={Understanding predictive information criteria for Bayesian models},
	author={Gelman, Andrew and Hwang, Jessica and Vehtari, Aki},
	journal={Statistics and computing},
	volume={24},
	number={6},
	pages={997--1016},
	year={2014},
	publisher={Springer}
}

@article{nicenboim2021introduction,
	title={An introduction to Bayesian data analysis for cognitive science},
	author={Nicenboim, Bruno and Schad, DJ and Vasishth, Shravan},
	journal={Under contract with Chapman and Hall/CRC Statistics in the Social and Behavioral Sciences Series},
	year={2021}
}

@inbook{ovaskainen_abrego_2020, place={Cambridge}, series={Ecology, Biodiversity and Conservation}, title={Joint Species Distribution Modelling: Biotic Interactions}, DOI={10.1017/9781108591720.010}, booktitle={Joint Species Distribution Modelling: With Applications in R}, publisher={Cambridge University Press}, author={Ovaskainen, Otso and Abrego, Nerea}, year={2020}, pages={142–183}, collection={Ecology, Biodiversity and Conservation}}

@article{lahti2021orchestrating,
	title={Orchestrating Microbiome Analysis},
	author={Lahti, Leo and Shetty, Sudarshan and Ernst, F},
	year={2021}
}

@article{tobler2019joint,
	title={Joint species distribution models with species correlations and imperfect detection},
	author={Tobler, Mathias W and K{\'e}ry, Marc and Hui, Francis KC and Guillera-Arroita, Gurutzeta and Knaus, Peter and Sattler, Thomas},
	journal={Ecology},
	volume={100},
	number={8},
	pages={e02754},
	year={2019},
	publisher={Wiley Online Library}
}

@article{loeys2012analysis,
	title={The analysis of zero-inflated count data: Beyond zero-inflated Poisson regression.},
	author={Loeys, Tom and Moerkerke, Beatrijs and De Smet, Olivia and Buysse, Ann},
	journal={British Journal of Mathematical and Statistical Psychology},
	volume={65},
	number={1},
	pages={163--180},
	year={2012},
	publisher={Wiley Online Library}
}

@article{alexander2000spatial,
	title={Spatial modelling of individual-level parasite counts using the negative binomial distribution},
	author={Alexander, Neal and Moyeed, Rana and Stander, Julian},
	journal={Biostatistics},
	volume={1},
	number={4},
	pages={453--463},
	year={2000},
	publisher={Oxford University Press}
}

@book{ovaskainen_abrego_2020, place={Cambridge}, series={Ecology, Biodiversity and Conservation}, title={Joint Species Distribution Modelling: With Applications in R}, DOI={10.1017/9781108591720}, publisher={Cambridge University Press}, author={Ovaskainen, Otso and Abrego, Nerea}, year={2020}, collection={Ecology, Biodiversity and Conservation}}